%% This BibTeX bibliography file was created using BibDesk.
%% http://bibdesk.sourceforge.net/


%% Created for Spencer Smith at 2016-10-27 23:57:04 -0400


%% Saved with string encoding Unicode (UTF-8)



@inproceedings{Parnas1978,
  address       = {Piscataway, NJ, USA},
  author        = {David L. Parnas},
  booktitle     = {ICSE '78: Proceedings of the 3rd international conference on Software engineering},
  date-added    = {2016-10-28 03:56:16 +0000},
  date-modified = {2016-10-28 03:56:16 +0000},
  isbn          = {none},
  location      = {Atlanta, Georgia, United States},
  pages         = {264--277},
  publisher     = {IEEE Press},
  title         = {Designing Software for Ease of Extension and Contraction},
  year          = {1978}
}

@article{Parnas1972a,
  author        = {David L. Parnas},
  date-added    = {2016-10-28 03:55:43 +0000},
  date-modified = {2016-10-28 03:55:43 +0000},
  journal       = {Comm. ACM},
  month         = {December},
  number        = {2},
  pages         = {1053--1058},
  title         = {On the Criteria To Be Used in Decomposing Systems into Modules},
  volume        = {15},
  year          = {1972},
  bdsk-file-1   = {YnBsaXN0MDDUAQIDBAUGJCVYJHZlcnNpb25YJG9iamVjdHNZJGFyY2hpdmVyVCR0b3ASAAGGoKgHCBMUFRYaIVUkbnVsbNMJCgsMDxJXTlMua2V5c1pOUy5vYmplY3RzViRjbGFzc6INDoACgAOiEBGABIAFgAdccmVsYXRpdmVQYXRoWWFsaWFzRGF0YV8QOS4uLy4uLy4uLy4uLy4uLy4uL1dvcmsvUmVzZWFyY2gvUmVmZXJlbmNlcy9QYXJuYXMxOTcyLnBkZtIXCxgZV05TLmRhdGFPEQGmAAAAAAGmAAIAAAxNYWNpbnRvc2ggSEQAAAAAAAAAAAAAAAAAAADOl3ODSCsAAAAXAgwOUGFybmFzMTk3Mi5wZGYAAAAAAAAAAAAAAAAAAAAAAAAAAAAAAAAAAAAAAAAAAAAAAAAAAAAAAAAAAAAAAAAAA3+xs9CaVP4AAAAAAAAAAAAGAAQAAAkgAAAAAAAAAAAAAAAAAAAAClJlZmVyZW5jZXMAEAAIAADOl6vDAAAAEQAIAADQmptOAAAAAQAUABcCDAAXAE0AFv3tAAj3ZgACZI4AAgBGTWFjaW50b3NoIEhEOlVzZXJzOgBzbWl0aHM6AFdvcms6AFJlc2VhcmNoOgBSZWZlcmVuY2VzOgBQYXJuYXMxOTcyLnBkZgAOAB4ADgBQAGEAcgBuAGEAcwAxADkANwAyAC4AcABkAGYADwAaAAwATQBhAGMAaQBuAHQAbwBzAGgAIABIAEQAEgA0VXNlcnMvc21pdGhzL1dvcmsvUmVzZWFyY2gvUmVmZXJlbmNlcy9QYXJuYXMxOTcyLnBkZgATAAEvAAAVAAIADf//AACABtIbHB0eWiRjbGFzc25hbWVYJGNsYXNzZXNdTlNNdXRhYmxlRGF0YaMdHyBWTlNEYXRhWE5TT2JqZWN00hscIiNcTlNEaWN0aW9uYXJ5oiIgXxAPTlNLZXllZEFyY2hpdmVy0SYnVHJvb3SAAQAIABEAGgAjAC0AMgA3AEAARgBNAFUAYABnAGoAbABuAHEAcwB1AHcAhACOAMoAzwDXAoECgwKIApMCnAKqAq4CtQK+AsMC0ALTAuUC6ALtAAAAAAAAAgEAAAAAAAAAKAAAAAAAAAAAAAAAAAAAAu8=}
}

@inproceedings{ParnasEtAl1984,
  author        = {D.L. Parnas and P.C. Clement and D. M. Weiss},
  booktitle     = {International Conference on Software Engineering},
  date-added    = {2016-10-28 03:55:23 +0000},
  date-modified = {2016-10-28 03:55:23 +0000},
  pages         = {408-419},
  title         = {The modular structure of complex systems},
  year          = {1984},
  bdsk-file-1   = {YnBsaXN0MDDUAQIDBAUGJCVYJHZlcnNpb25YJG9iamVjdHNZJGFyY2hpdmVyVCR0b3ASAAGGoKgHCBMUFRYaIVUkbnVsbNMJCgsMDxJXTlMua2V5c1pOUy5vYmplY3RzViRjbGFzc6INDoACgAOiEBGABIAFgAdccmVsYXRpdmVQYXRoWWFsaWFzRGF0YV8QPy4uLy4uLy4uLy4uLy4uL3NlNHNjL1NjaUNvbXBBbmRTb2Z0RW5nUGFwZXJzL1Bhcm5hc0V0QWwxOTg0LnBkZtIXCxgZV05TLmRhdGFPEQHcAAAAAAHcAAIAAAxNYWNpbnRvc2ggSEQAAAAAAAAAAAAAAAAAAADOl3ODSCsAAAkx/Q0SUGFybmFzRXRBbDE5ODQucGRmAAAAAAAAAAAAAAAAAAAAAAAAAAAAAAAAAAAAAAAAAAAAAAAAAAAAAAAAAAAACTH9RNNvBNMAAAAAAAAAAAAFAAMAAAkgAAAAAAAAAAAAAAAAAAAAF1NjaUNvbXBBbmRTb2Z0RW5nUGFwZXJzAAAQAAgAAM6Xq8MAAAARAAgAANNvPRMAAAABABQJMf0NCTHuxwASFacACPdmAAJkjgACAFVNYWNpbnRvc2ggSEQ6VXNlcnM6AHNtaXRoczoAUmVwb3M6AHNlNHNjOgBTY2lDb21wQW5kU29mdEVuZ1BhcGVyczoAUGFybmFzRXRBbDE5ODQucGRmAAAOACYAEgBQAGEAcgBuAGEAcwBFAHQAQQBsADEAOQA4ADQALgBwAGQAZgAPABoADABNAGEAYwBpAG4AdABvAHMAaAAgAEgARAASAENVc2Vycy9zbWl0aHMvUmVwb3Mvc2U0c2MvU2NpQ29tcEFuZFNvZnRFbmdQYXBlcnMvUGFybmFzRXRBbDE5ODQucGRmAAATAAEvAAAVAAIADf//AACABtIbHB0eWiRjbGFzc25hbWVYJGNsYXNzZXNdTlNNdXRhYmxlRGF0YaMdHyBWTlNEYXRhWE5TT2JqZWN00hscIiNcTlNEaWN0aW9uYXJ5oiIgXxAPTlNLZXllZEFyY2hpdmVy0SYnVHJvb3SAAQAIABEAGgAjAC0AMgA3AEAARgBNAFUAYABnAGoAbABuAHEAcwB1AHcAhACOANAA1QDdAr0CvwLEAs8C2ALmAuoC8QL6Av8DDAMPAyEDJAMpAAAAAAAAAgEAAAAAAAAAKAAAAAAAAAAAAAAAAAAAAys=}
}

@book{RobertsonAndRobertson2012,
  author        = {James Robertson and Suzanne Robertson},
  date-added    = {2016-09-22 13:54:40 +0000},
  date-modified = {2016-09-22 14:01:42 +0000},
  edition       = {16},
  publisher     = {Atlantic Systems Guild Limited},
  title         = {Volere Requirements Specification Template},
  year          = {2012}
}

@article{ParnasAndClements1986,
  author        = {David L. Parnas and P.C. Clements},
  date-added    = {2016-09-10 13:11:57 +0000},
  date-modified = {2016-09-10 13:11:57 +0000},
  journal       = {IEEE Transactions on Software Engineering},
  number        = {2},
  pages         = {251--257},
  title         = {A Rational Design Process: How and Why to Fake it},
  volume        = {12},
  year          = {February 1986},
  bdsk-file-1   = {YnBsaXN0MDDUAQIDBAUGJCVYJHZlcnNpb25YJG9iamVjdHNZJGFyY2hpdmVyVCR0b3ASAAGGoKgHCBMUFRYaIVUkbnVsbNMJCgsMDxJXTlMua2V5c1pOUy5vYmplY3RzViRjbGFzc6INDoACgAOiEBGABIAFgAdccmVsYXRpdmVQYXRoWWFsaWFzRGF0YV8QRi4uLy4uLy4uLy4uLy4uL3NlNHNjL1NjaUNvbXBBbmRTb2Z0RW5nUGFwZXJzL1Bhcm5hc0FuZENsZW1lbnRzMTk4Ni5wZGbSFwsYGVdOUy5kYXRhTxEB9gAAAAAB9gACAAAMTWFjaW50b3NoIEhEAAAAAAAAAAAAAAAAAAAAzpdzg0grAAAJMf0NGVBhcm5hc0FuZENsZW1lbnRzMTk4Ni5wZGYAAAAAAAAAAAAAAAAAAAAAAAAAAAAAAAAAAAAAAAAAAAAAAAAAAAkx/UPTbwTTAAAAAAAAAAAABQADAAAJIAAAAAAAAAAAAAAAAAAAABdTY2lDb21wQW5kU29mdEVuZ1BhcGVycwAAEAAIAADOl6vDAAAAEQAIAADTbz0TAAAAAQAUCTH9DQkx7scAEhWnAAj3ZgACZI4AAgBcTWFjaW50b3NoIEhEOlVzZXJzOgBzbWl0aHM6AFJlcG9zOgBzZTRzYzoAU2NpQ29tcEFuZFNvZnRFbmdQYXBlcnM6AFBhcm5hc0FuZENsZW1lbnRzMTk4Ni5wZGYADgA0ABkAUABhAHIAbgBhAHMAQQBuAGQAQwBsAGUAbQBlAG4AdABzADEAOQA4ADYALgBwAGQAZgAPABoADABNAGEAYwBpAG4AdABvAHMAaAAgAEgARAASAEpVc2Vycy9zbWl0aHMvUmVwb3Mvc2U0c2MvU2NpQ29tcEFuZFNvZnRFbmdQYXBlcnMvUGFybmFzQW5kQ2xlbWVudHMxOTg2LnBkZgATAAEvAAAVAAIADf//AACABtIbHB0eWiRjbGFzc25hbWVYJGNsYXNzZXNdTlNNdXRhYmxlRGF0YaMdHyBWTlNEYXRhWE5TT2JqZWN00hscIiNcTlNEaWN0aW9uYXJ5oiIgXxAPTlNLZXllZEFyY2hpdmVy0SYnVHJvb3SAAQAIABEAGgAjAC0AMgA3AEAARgBNAFUAYABnAGoAbABuAHEAcwB1AHcAhACOANcA3ADkAt4C4ALlAvAC+QMHAwsDEgMbAyADLQMwA0IDRQNKAAAAAAAAAgEAAAAAAAAAKAAAAAAAAAAAAAAAAAAAA0w=}
}
