%% This BibTeX bibliography file was created using BibDesk.
%% http://bibdesk.sourceforge.net/

%% Created for Spencer Smith at 2016-09-22 10:01:42 -0400


%% Saved with string encoding Unicode (UTF-8)



@book{RobertsonAndRobertson2012,
  author        = {James Robertson and Suzanne Robertson},
  date-added    = {2016-09-22 13:54:40 +0000},
  date-modified = {2016-09-22 14:01:42 +0000},
  edition       = {16},
  publisher     = {Atlantic Systems Guild Limited},
  title         = {Volere Requirements Specification Template},
  year          = {2012}
}

@article{ParnasAndClements1986,
  author        = {David L. Parnas and P.C. Clements},
  date-added    = {2016-09-10 13:11:57 +0000},
  date-modified = {2016-09-10 13:11:57 +0000},
  journal       = {IEEE Transactions on Software Engineering},
  number        = {2},
  pages         = {251--257},
  title         = {A Rational Design Process: How and Why to Fake it},
  volume        = {12},
  year          = {February 1986},
  bdsk-file-1   = {YnBsaXN0MDDUAQIDBAUGJCVYJHZlcnNpb25YJG9iamVjdHNZJGFyY2hpdmVyVCR0b3ASAAGGoKgHCBMUFRYaIVUkbnVsbNMJCgsMDxJXTlMua2V5c1pOUy5vYmplY3RzViRjbGFzc6INDoACgAOiEBGABIAFgAdccmVsYXRpdmVQYXRoWWFsaWFzRGF0YV8QQy4uLy4uLy4uLy4uL3NlNHNjL1NjaUNvbXBBbmRTb2Z0RW5nUGFwZXJzL1Bhcm5hc0FuZENsZW1lbnRzMTk4Ni5wZGbSFwsYGVdOUy5kYXRhTxEB9gAAAAAB9gACAAAMTWFjaW50b3NoIEhEAAAAAAAAAAAAAAAAAAAA0khroUgrAAAAhfxhGVBhcm5hc0FuZENsZW1lbnRzMTk4Ni5wZGYAAAAAAAAAAAAAAAAAAAAAAAAAAAAAAAAAAAAAAAAAAAAAAAAAAACF/LDT7aEvAAAAAAAAAAAABAADAAAJIAAAAAAAAAAAAAAAAAAAABdTY2lDb21wQW5kU29mdEVuZ1BhcGVycwAAEAAIAADSSKPhAAAAEQAIAADT7dlvAAAAAQAUAIX8YQCF7/8AILODAAlg3gAGKpoAAgBcTWFjaW50b3NoIEhEOlVzZXJzOgBzbWl0aHM6AFJlcG9zOgBzZTRzYzoAU2NpQ29tcEFuZFNvZnRFbmdQYXBlcnM6AFBhcm5hc0FuZENsZW1lbnRzMTk4Ni5wZGYADgA0ABkAUABhAHIAbgBhAHMAQQBuAGQAQwBsAGUAbQBlAG4AdABzADEAOQA4ADYALgBwAGQAZgAPABoADABNAGEAYwBpAG4AdABvAHMAaAAgAEgARAASAEpVc2Vycy9zbWl0aHMvUmVwb3Mvc2U0c2MvU2NpQ29tcEFuZFNvZnRFbmdQYXBlcnMvUGFybmFzQW5kQ2xlbWVudHMxOTg2LnBkZgATAAEvAAAVAAIADf//AACABtIbHB0eWiRjbGFzc25hbWVYJGNsYXNzZXNdTlNNdXRhYmxlRGF0YaMdHyBWTlNEYXRhWE5TT2JqZWN00hscIiNcTlNEaWN0aW9uYXJ5oiIgXxAPTlNLZXllZEFyY2hpdmVy0SYnVHJvb3SAAQAIABEAGgAjAC0AMgA3AEAARgBNAFUAYABnAGoAbABuAHEAcwB1AHcAhACOANQA2QDhAtsC3QLiAu0C9gMEAwgDDwMYAx0DKgMtAz8DQgNHAAAAAAAAAgEAAAAAAAAAKAAAAAAAAAAAAAAAAAAAA0k=}
}
